@misc{tellus2025,
  title={Tellus: A Distributed Data Management System for Scientific Computing},
  author={Gierz, Paul},
  year={2025},
  url={https://github.com/pgierz/tellus}
}

@article{fsspec2021,
  title={Filesystem interfaces for Python},
  author={Durant, Martin and others},
  journal={Journal of Open Source Software},
  year={2021},
  url={https://filesystem-spec.readthedocs.io/}
}

@software{snakemake2021,
  title={Snakemake—a scalable bioinformatics workflow engine},
  author={Köster, Johannes and Rahmann, Sven},
  journal={Bioinformatics},
  volume={28},
  number={19},
  pages={2520--2522},
  year={2012},
  publisher={Oxford University Press}
}