%% This BibTeX bibliography file was created using BibDesk.
%% https://bibdesk.sourceforge.io/

%% Created for Margaux Mouchene at 2023-09-07 16:28:52 +0200 


%% Saved with string encoding Unicode (UTF-8) 



@misc{mdx,
	date-modified = {2023-09-07 16:26:20 +0200},
	publisher = {Jet Propulsion Lab NASA},
	title = {MDX},
	url = {https://software.nasa.gov/software/NPO-35238-1},
	year = {2020},
	bdsk-url-1 = {https://software.nasa.gov/software/NPO-35238-1}}

@misc{snap,
	date-modified = {2023-09-07 16:28:43 +0200},
	publisher = {European Space Agency},
	title = {SNAP toolbox},
	url = {https://earth.esa.int/eogateway/tools/snap},
	year = {2022},
	bdsk-url-1 = {https://earth.esa.int/eogateway/tools/snap}}


@Manual{gdal,
    title = {{GDAL/OGR} Geospatial Data Abstraction software Library},
    author = {{GDAL/OGR contributors}},
    organization = {Open Source Geospatial Foundation},
    year = {2024},
    url = {https://gdal.org},
    doi = {10.5281/zenodo.5884351}
  }
  
@article{roi_pac,
  title={Updated repeat orbit interferometry package released},
  author={Rosen, Paul A. and Hensley, Scott and Peltzer, Gilles and Simons, Mark},
  journal={Eos, Transactions American Geophysical Union},
  volume={85},
  number={5},
  pages={47--47},
  year={2004},
  doi = {10.1029/2004EO050004},
  publisher={Wiley Online Library}
}


@Article{licsbas,
  AUTHOR = {Morishita, Yu and Lazecky, Milan and Wright, Tim J. and Weiss, Jonathan R. and Elliott, John R. and Hooper, Andy},
  TITLE = {LiCSBAS: An Open-Source InSAR Time Series Analysis Package Integrated with the LiCSAR Automated Sentinel-1 InSAR Processor},
  JOURNAL = {Remote Sensing},
  VOLUME = {12},
  YEAR = {2020},
  NUMBER = {3},
  ARTICLE-NUMBER = {424},
  URL = {https://www.mdpi.com/2072-4292/12/3/424},
  ISSN = {2072-4292},
  DOI = {10.3390/rs12030424}
}

@INPROCEEDINGS{isce,
  author={Rosen, Paul A. and Gurrola, Eric and Sacco, Gian Franco and Zebker, Howard},
  booktitle={EUSAR 2012; 9th European Conference on Synthetic Aperture Radar},
  title={The InSAR scientific computing environment},
  year={2012},
  pages={730-733}
  }

@inproceedings{nsbas_fringe_2011,
  author    = {Doin, Marie-Pierre and Lodge, Felicity and Guillaso, Stephane and Jolivet, Romain and Lasserre, Cecile and Ducret, Gabriel and Grandin, Raphael and Pathier, Erwan and Pinel, Virginie},
  title     = {Presentation of the small baseline NSBAS processing chain on a case example: the Etna deformation monitoring from 2003 to 2010 using Envisat data},
  booktitle = {Fringe Symposium 2011},
  publisher = {{ESA}},
  year      = {2011},
  HAL_ID = {hal-02185213},
  HAL_VERSION = {v1},
}


@Article{flatsim-21,
AUTHOR = {Thollard, Franck and Clesse, Dominique and Doin, Marie-Pierre and Donadieu, Joëlle and Durand, Philippe and Grandin, Raphaël and Lasserre, Cécile and Laurent, Christophe and Deschamps-Ostanciaux, Emilie and Pathier, Erwan and Pointal, Elisabeth and Proy, Catherine and Specht, Bernard},
TITLE = {FLATSIM: The ForM@Ter LArge-Scale Multi-Temporal Sentinel-1 InterferoMetry Service},
JOURNAL = {Remote Sensing},
VOLUME = {13},
YEAR = {2021},
NUMBER = {18},
ARTICLE-NUMBER = {3734},
URL = {https://www.mdpi.com/2072-4292/13/18/3734},
ISSN = {2072-4292},
DOI = {10.3390/rs13183734}
}

@misc{doris,
	publisher = {Delft University of Technology},
	title = {DORIS},
	url = {https://github.com/TUDelftGeodesy/Doris},
	year = {2017},
	bdsk-url-1 = {https://github.com/TUDelftGeodesy/Doris}
}



@Article{gmtsar,
  AUTHOR = {Sandwell, D. and Mellors, R. and Tong, X. and Xu, X. and Wei, M. and Wessel, P.}, 
  YEAR = {2016},
  TITLE = {GMTSAR: An InSAR Processing System Based on Generic Mapping Tools.},
  Publisher = {UC San Diego: Scripps Institution of Oceanography},
  URL = {http://topex.ucsd.edu/gmtsar/tar/GMTSAR_2ND_TEX.pdf}
}

@misc{stamps,
	title = {StaMPS},
	url = {https://github.com/dbekaert/StaMPS},
	year = {2018},
	bdsk-url-1 = {https://github.com/dbekaert/StaMPS}}

@Manual{otb,
    title = {Orfeo ToolBox},
    organization = {CNES},
    year = {2022},
    url = {https://www.orfeo-toolbox.org/CookBook/},
  }
