@article{VBY2023,
  title={Directional diffusion of surface gravity wave action by ocean macroturbulence},
  author={Villas B{\^o}as, Ana B. and Young, William R},
  journal={Journal of Fluid Mechanics},
  volume={890},
  pages={R3},
  year={2020},
  publisher={Cambridge University Press}
}

@article{smit2019swell,
  title={Swell propagation through submesoscale turbulence},
  author={Smit, Pieter B and Janssen, Tim T},
  journal={Journal of Physical Oceanography},
  volume={49},
  number={10},
  pages={2615--2630},
  year={2019}
}

@article{halsne2023ocean,
  title={Ocean wave tracing v. 1: a numerical solver of the wave ray equations for ocean waves on variable currents at arbitrary depths},
  author={Halsne, Trygve and Christensen, Kai H{\aa}kon and Hope, Gaute and Breivik, {\O}yvind},
  journal={Geoscientific Model Development},
  volume={16},
  number={22},
  pages={6515--6530},
  year={2023},
  publisher={Copernicus Publications G{\"o}ttingen, Germany}
}

@article{oreilly2016california,
  title={The California coastal wave monitoring and prediction system},
  author={O'Reilly, William C and Olfe, Corey B and Thomas, Julianna and Seymour, RJ and Guza, RT},
  journal={Coastal Engineering},
  volume={116},
  pages={118--132},
  year={2016},
  publisher={Elsevier}
}

@article{mapp1985wave,
  title={Wave refraction by warm core rings},
  author={Mapp, George R and Welch, Christopher S and Munday, John C},
  journal={Journal of Geophysical Research: Oceans},
  volume={90},
  number={C4},
  pages={7153--7162},
  year={1985},
  publisher={Wiley Online Library}
}

@article{romero2017observations,
  title={Observations of surface wave--current interaction},
  author={Romero, Leonel and Lenain, Luc and Melville, W Kendall},
  journal={Journal of Physical Oceanography},
  volume={47},
  number={3},
  pages={615--632},
  year={2017}
}

@article{marechal2022variability,
  title={Variability of surface gravity wave field over a realistic cyclonic eddy},
  author={Marechal, Gwendal and de Marez, Charly},
  journal={Ocean Science},
  volume={18},
  number={5},
  pages={1275--1292},
  year={2022},
  publisher={Copernicus Publications G{\"o}ttingen, Germany}
}

@article{munk1947refraction,
  title={Refraction of ocean waves: a process linking underwater topography to beach erosion},
  author={Munk, Walter H and Traylor, Melvin A},
  journal={The Journal of Geology},
  volume={55},
  number={1},
  pages={1--26},
  year={1947},
  publisher={University of Chicago Press}
}

@article{kukulka2017surface,
  title={Surface wave dynamics in Delaware Bay and its adjacent coastal shelf},
  author={Kukulka, Tobias and Jenkins III, Robert L and Kirby, James T and Shi, Fengyan and Scarborough, Robert W},
  journal={Journal of Geophysical Research: Oceans},
  volume={122},
  number={11},
  pages={8683--8706},
  year={2017},
  publisher={Wiley Online Library}
}

@book{phillips1966,
	title = {The {Dynamics} of the {Upper} {Ocean}},
	language = {en},
	urldate = {2024-11-14},
	publisher = {Cambridge University Press},
	author = {Phillips, Owen. M},
	year = {1966},
}
