@Article{BKW19,
  author        = {D.~J. Bower and D. Kitzmann and A.~S. Wolf and P. Sanan and C. Dorn and A.~V. Oza},
  journal       = {Astronomy \& Astrophysics},
  title         = {Linking the evolution of terrestrial interiors and an early outgassed atmosphere to astrophysical observations},
  year          = {2019},
  month         = apr,
  number        = {A103},
  volume        = {631},
  adsnote       = {Provided by the SAO/NASA Astrophysics Data System},
  adsurl        = {ui.adsabs.harvard.edu/abs/2019arXiv190408300B},
  archiveprefix = {arXiv},
  doi           = {10.1051/0004-6361/201935710},
  eprint        = {1904.08300},
  primaryclass  = {astro-ph.EP},
}

@Article{BHS22,
  author  = {D.~J. Bower and K.~Hakim and P.~Sanan and P.~A. Sossi},
  journal = {The Planetary Science Journal},
  title   = {Retention of water in terrestrial magma oceans and carbon-rich early atmospheres},
  year    = {2022},
  month   = apr,
  number  = {4},
  pages   = {93},
  volume  = {3},
  primaryClass = {astro-ph.EP},
  archivePrefix = {arXiv},
  eprint = {2110.08029},
  doi     = {10.3847/PSJ/ac5fb1}
}

@article{optimistix2024,
    title={Optimistix: modular optimisation in {JAX} and {E}quinox},
    author={Jason Rader and Terry Lyons and Patrick Kidger},
    journal={arXiv:2402.09983},
    year={2024}
}

@article{FN08,
	author = {Ferguson, Frank T. and Nuth, Joseph A. III},
	doi = {10.1021/je800560b},
	journal = {Journal of Chemical \& Engineering Data},
	month = {12},
	number = {12},
	pages = {2824--2832},
	publisher = {American Chemical Society},
	title = {Vapor Pressure of Silicon Monoxide},
	volume = {53},
	year = {2008}
}

@Article{BTT25,
  author  = {Dan J. Bower and Maggie A. Thompson and Kaustubh Hakim and Meng Tian and Paolo A. Sossi},
  journal = {The Astrophysical Journal},
  title   = {Diversity of rocky planet atmospheres in the {C}-{H}-{O}-{N}-{S}-{Cl} system with interior dissolution, non-ideality, and condensation: Application to {TRAPPIST}-1e and sub-{N}eptunes},
  year    = {2025},
  note    = {Submitted},
  eprint  = {2507.00499},
  archivePrefix = {arXiv},
  primaryClass = {astro-ph.EP},
}

@Article{HP98,
  author  = {Holland, Tim J. B. and Powell, Roger},
  journal = {Journal of Metamorphic Geology},
  title   = {An internally consistent thermodynamic data set for phases of petrological interest},
  year    = {1998},
  number  = {3},
  pages   = {309--343},
  volume  = {16},
  doi     = {10.1111/j.1525-1314.1998.00140.x}
}

@Article{HP11,
  author  = {T.~J.~B. Holland and R. Powell},
  journal = {Journal of Metamorphic Geology},
  title   = {An improved and extended internally consistent thermodynamic dataset for phases of petrological interest, involving a new equation of state for solids},
  year    = {2011},
  issn    = {0263-4929},
  pages   = {333--383},
  volume  = {29},
  doi     = {10.1111/j.1525-1314.2010.00923.x},
}

@Article{CS18,
  author  = {Yayaati Chachan and David J. Stevenson},
  journal = {Astrophysical Journal},
  title   = {On the Role of Dissolved Gases in the Atmosphere Retention of Low-mass Low-density Planets},
  year    = {2018},
  number  = {1},
  pages   = {21},
  volume  = {854},
  doi     = {10.3847/1538-4357/aaa459}
}

@book{Cha98,
  author = {M Chase},
  title = {{NIST-JANAF} Thermochemical Tables, 4th Edition},
  year = {1998},
  publisher = {American Institute of Physics},
  doi = {10.18434/T42S31}
}

@ARTICLE{HWA12,
  author = {Hirschmann, M.~M. and Withers, A.~C. and Ardia, P. and Foley, N.~T.},
  title = {Solubility of molecular hydrogen in silicate melts and consequences for volatile evolution of terrestrial planets},
  journal = {Earth and Planetary Science Letters},
  year = 2012,
  month = sep,
  volume = {345},
  pages = {38--48},
  doi = {10.1016/j.epsl.2012.06.031}
}

@Article{ZD09,
  author  = {Chi Zhang and Zhenhao Duan},
  journal = {Geochimica et Cosmochimica Acta},
  title   = {A model for {C}-{O}-{H} fluid in the {E}arth's mantle},
  year    = {2009},
  issn    = {0016-7037},
  number  = {7},
  pages   = {2089--2102},
  volume  = {73},
  doi     = {10.1016/j.gca.2009.01.021}
}

@article{BW22,
	author = {J. Boulliung and B.~J. Wood},
	doi = {10.1016/j.gca.2022.08.032},
	journal = {Geochimica et Cosmochimica Acta},
  month = nov,
	pages = {150--164},
	title = {SO$_{2}$ solubility and degassing behavior in silicate melts},
	volume = {336},
	year = {2022}
}

@ARTICLE{BW23corr,
  author = {Boulliung, J. and Wood, B.~J.},
  title = "{Corrigendum to ``SO$_{2}$ solubility and degassing behavior in silicate melts'' [Geochim. Cosmochim. Acta 336 (2022) 150-164]}",
  journal = {Geochimica et Cosmochimica Acta},
  year = 2023,
  month = feb,
  volume = {343},
  pages = {420-420},
  doi = {10.1016/j.gca.2022.11.025}
}

@ARTICLE{BW23,
  author = {Boulliung, J. and Wood, B.~J.},
  title = "{Sulfur oxidation state and solubility in silicate melts}",
  journal = {Contributions to Mineralogy and Petrology},
  year = 2023,
  month = aug,
  volume = {178},
  number = {8},
  eid = {56},
  pages = {56},
  doi = {10.1007/s00410-023-02033-9}
}

@ARTICLE{NBB17,
  author = {Newcombe, M.~E. and Brett, A. and Beckett, J.~R. and Baker, M.~B. and Newman, S. and Guan, Y. and Eiler, J.~M. and Stolper, E.~M.},
  title = "{Solubility of water in lunar basalt at low pH$_{2}$O}",
  journal = {Geochimica et Cosmochimica Acta},
  year = 2017,
  month = mar,
  volume = {200},
  pages = {330--352},
  doi = {10.1016/j.gca.2016.12.026}
}

@Book{Lide2005,
  editor    = {David R. Lide},
  publisher = {CRC Press, BocaRaton, FL},
  title     = {CRC Handbook of Chemistryand Physics, Internet Version 2005},
  year      = {2005},
  edition   = {85th},
}

@article{DSH95,
  author = {Dixon, J.~E. and Stolper, E.~M. and Holloway, J.~R.},
  journal = {Journal of Petrology},
  month = {12},
  number = {6},
  pages = {1607--1631},
  title = {An Experimental Study of Water and Carbon Dioxide Solubilities in Mid-Ocean Ridge Basaltic Liquids. {P}art {I}: Calibration and Solubility Models},
  volume = {36},
  year = {1995},
  doi = {10.1093/oxfordjournals.petrology.a037267},
  issn = {0022-3530},
}

@ARTICLE{LMH03,
  author = {Libourel, G. and Marty, B. and Humbert, F.},
  title = "{Nitrogen solubility in basaltic melt. {P}art {I}. {E}ffect of oxygen fugacity}",
  journal = {Geochimica et Cosmochimica Acta},
  year = 2003,
  month = nov,
  volume = {67},
  number = {21},
  pages = {4123--4135},
  doi = {10.1016/S0016-7037(03)00259-X}
}

@ARTICLE{DFP22,
  author = {Dasgupta, Rajdeep and Falksen, Emily and Pal, Aindrila and Sun, Chenguang},
  title = "{The fate of nitrogen during parent body partial melting and accretion of the inner solar system bodies at reducing conditions}",
  journal = {Geochimica et Cosmochimica Acta},
  year = 2022,
  month = nov,
  volume = {336},
  pages = {291--307},
  doi = {10.1016/j.gca.2022.09.012}
}

@Article{OP93,
  author  = {O'Neill, Hugh St. C. and Pownceby, Mark I.},
  journal = {Contributions to Mineralogy and Petrology},
  title   = {Thermodynamic data from redox reactions at high temperatures. {I}. {A}n experimental and theoretical assessment of the electrochemical method using stabilized zirconia electrolytes, with revised values for the {F}e- ``{F}eO'', {C}o-{C}o{O}, {N}i-{N}i{O} and {C}u-{C}u$_{2}${O} oxygen buffers, and new data for the {W}-{WO}$_{2}$ buffer},
  year    = {1993},
  month   = sep,
  number  = {3},
  pages   = {296--314},
  volume  = {114},
  doi     = {10.1007/BF01046533},
}

@article{HGD08,
  author = {Hirschmann, M. M. and Ghiorso, M. S. and Davis, F. A. and Gordon, S. M. and Mukherjee, S. and Grove, T. L. and Krawczynski, M. and Medard, E. and Till, C. B.},
  title = {Library of Experimental Phase Relations ({LEPR}): A database and Web portal for experimental magmatic phase equilibria data},
  journal = {Geochemistry, Geophysics, Geosystems},
  volume = {9},
  number = {3},
  pages = {},
  doi = {10.1029/2007GC001894},
  year = {2008}
}

@article{BGF21,
  author = {Fabien Bernadou and Fabrice Gaillard and Evelyn F\"{u}ri and Yves Marrocchi and Aneta Slodczyk},
  title = {Nitrogen solubility in basaltic silicate melt - Implications for degassing processes},
  journal = {Chemical Geology},
  volume = {573},
  pages = {120192},
  year = {2021},
  issn = {0009-2541},
  doi = {10.1016/j.chemgeo.2021.120192}
}

@Article{HBO64,
  author  = {Hamilton, D. L. and Burnham, C. Wayne and Osborn, E. F.},
  journal = {Journal of Petrology},
  title   = {The Solubility of Water and Effects of Oxygen Fugacity and Water Content on Crystallization in Mafic Magmas},
  year    = {1964},
  issn    = {0022-3530},
  month   = {01},
  number  = {1},
  pages   = {21--39},
  volume  = {5},
  doi     = {10.1093/petrology/5.1.21}
}

@article{MGO17,
	author = {Alexandra L. Mitchell and Glenn A. Gaetani and Julie A. O'Leary and Erik H. Hauri},
	doi = {10.1007/s00410-017-1401-x},
	journal = {Contributions to Mineralogy and Petrology},
	number = {85},
	pages = {16},
	title = {{H2}O solubility in basalt at upper mantle conditions},
	volume = {172},
	year = {2017}
}

@TechReport{HWZ58,
  author     = {Holley, Jr., C. E. and Worlton, W. J. and Zeigler, R. K.},
  title      = {Compressibility Factors And Fugacity Coefficients Calculated From The Beattie-Bridgeman Equation Of State For Hydrogen, Nitrogen, Oxygen, Carbon Dioxide, Ammonia, Methane, And Helium},
  year       = {1958},
  address    = {United States},
  doi        = {10.2172/4289497},
  eventtitle = {Report Number: LA-2271},
  language   = {English},
  institution = {U.S. Department of Energy},
  url        = {https://www.osti.gov/servlets/purl/4289497}
}

@Article{SKG21,
  author  = {Sakuraba, Haruka and Kurokawa, Hiroyuki and Genda, Hidenori and Ohta, Kenji},
  journal = {Scientific Reports},
  title   = {Numerous chondritic impactors and oxidized magma ocean set {E}arth's volatile depletion},
  year    = {2021},
  issn    = {2045-2322},
  number  = {1},
  pages   = {20894},
  volume  = {11},
  doi     = {10.1038/s41598-021-99240-w}
}

@Article{H16,
  author  = {Marc M. Hirschmann},
  journal = {American Mineralologist},
  title   = {Constraints on the early delivery and fractionation of {E}arth's major volatiles from {C}/{H},{C}/{N}, and {C}/{S} ratios},
  year    = {2016},
  pages   = {540--553},
  volume  = {101},
  doi     = {10.2138/am-2016-5452}
}

@article{KHK17,
  author = {Kendrick, M. A. and H\'{e}mond, C. and Kamenetsky, V. S. and Danyushevsky, L. and Devey, C. W. and Rodemann, T. and Jackson, M. G. and Perfit, M. R.},
  journal = {Nature Geoscience},
  title = {Seawater cycled throughout {E}arth's mantle in partially serpentinized lithosphere},
  year = {2017},
  pages = {222--228},
  volume = {10},
  number = {3},
  doi = {10.1038/ngeo2902}
}

@Article{HP91,
  author  = {Holland, Tim and Powell, Roger},
  journal = {Contributions to Mineralogy and Petrology},
  title   = {A {C}ompensated-{R}edlich-{K}wong {(CORK)} equation for volumes and fugacities of {CO}2 and {H}2{O} in the range 1 bar to 50 kbar and 100-1600$^\circ${C}},
  year    = {1991},
  issn    = {1432-0967},
  number  = {2},
  pages   = {265--273},
  volume  = {109},
  doi     = {10.1007/BF00306484},
}

@book{RPS77,
  title = {The Properties of Gases and Liquids},
  author = {Reid, R.C. and Prausnitz, J.M. and Sherwood, T.K.},
  isbn = {9780070517905},
  lccn = {76042204},
  series = {Chemical engineering series},
  url = {https://books.google.ch/books?id=ZnAfAAAAMAAJ},
  year = {1977},
  publisher = {McGraw-Hill}
}

@Article{SS92,
  author  = {Pingfang Shi and S. K. Saxena},
  journal = {American Mineralogist},
  title   = {Thermodynamic modeling of the {C}-{H}-{O}-{S} fluid system},
  year    = {1992},
  number  = {9--10},
  pages   = {1038--1049},
  volume  = {77},
}

@book{PPO00,
  title = {The Properties of Gases and Liquids},
  author = {Poling, B.E. and Prausnitz, J.M. and O'Connell, J.P.},
  isbn = {9780071499996},
  lccn = {00061622},
  series = {McGraw Hill professional},
  url = {https://books.google.ch/books?id=9tGclC3ZRX0C},
  year = {2000},
  edition = {5th},
  publisher = {McGraw Hill LLC}
}

@Article{SF87,
  author  = {Saxena, S.~K. and Fei, Y.},
  journal = {Geochimica et Cosmochimica Acta},
  title   = {High pressure and high temperature fluid fugacities},
  year    = {1987},
  number  = {4},
  pages   = {783--791},
  volume  = {51},
  doi     = {10.1016/0016-7037(87)90092-5},
}

@Article{SF87a,
  author  = {Saxena, S. K. and Fei, Y.},
  journal = {Contributions to Mineralogy and Petrology},
  title   = {Fluids at crustal pressures and temperatures},
  year    = {1987},
  issn    = {1432-0967},
  number  = {3},
  pages   = {370--375},
  volume  = {95},
  doi     = {10.1007/BF00371850},
}

@Article{SF88,
  author  = {Saxena, S.~K. and Fei, Y.},
  journal = {Geochimica et Cosmochimica Acta},
  title   = {The pressure-volume-temperature equation of hydrogen},
  year    = {1988},
  number  = {5},
  pages   = {1195--1196},
  volume  = {52},
  doi     = {10.1016/0016-7037(88)90273-6},
}

@ARTICLE{P69,
       author = {Presnall, D.~C.},
        title = "{Pressure-Volume-Temperature Measurements on Hydrogen from 200{\textdegree} to 600{\textdegree}C and up to 1800 Atmospheres}",
      journal = {Journal of Geophysical Research},
         year = 1969,
        month = nov,
       volume = {74},
       number = {25},
        pages = {6026--6033},
          doi = {10.1029/JB074i025p06026}
}

@ARTICLE{RRY83,
       author = {{Ross}, M. and {Ree}, F.~H. and {Young}, D.~A.},
        title = "{The equation of state of molecular hydrogen at very high density$^{a)}$}",
      journal = {The Journal of Chemical Physics},
         year = 1983,
        month = aug,
       volume = {79},
       number = {3},
        pages = {1487--1494},
          doi = {10.1063/1.445939}
}

@book{P78,
  title = {Equilibrium Thermodynamics in Petrology: An Introduction},
  author = {Powell, R.},
  isbn = {9780063180611},
  lccn = {lc78317581},
  url = {books.google.ch/books?id=pC7wAAAAMAAJ},
  year = {1978},
  publisher = {Harper \& Row}
}

@Article{OE02,
  author  = {Hugh St.C. O'Neill and Stephen M. Eggins},
  journal = {Chemical Geology},
  title   = {The effect of melt composition on trace element partitioning: an experimental investigation of the activity coefficients of {F}e{O}, {N}i{O}, {C}o{O}, {M}o{O}2 and {M}o{O}3 in silicate melts},
  year    = {2002},
  issn    = {0009-2541},
  number  = {1},
  pages   = {151--181},
  volume  = {186},
  doi     = {10.1016/S0009-2541(01)00414-4},
}

@Article{BBG91,
  author  = {Ballhaus, C. and Berry, R.~F. and Green, D.~H.},
  journal = {Contributions to Mineralogy and Petrology},
  title   = {High pressure experimental calibration of the olivine-orthopyroxene-spinel oxygen geobarometer: implications for the oxidation state of the upper mantle},
  year    = {1991},
  number  = {1},
  pages   = {27--40},
  volume  = {107},
  doi     = {10.1007/BF00311183},
}

@Article{Cherubim2025,
  author    = {Cherubim, Collin and Wordsworth, Robin and Bower, Dan J. and Sossi, Paolo A. and Adams, Danica and Hu, Renyu},
  journal   = {The Astrophysical Journal},
  title     = {An Oxidation Gradient Straddling the Small Planet Radius Valley},
  year      = {2025},
  eprint    = {2503.05055},
  archivePrefix = {arXiv},
  primaryClass = {astro-ph.EP},
  number    = {2},
  pages     = {97},
  volume    = {983},
  doi       = {10.3847/1538-4357/adbca9},
  publisher = {The American Astronomical Society},
}

@Article{F11,
  title                    = {Equation of state and phase diagram of {F}e{O}},
  author                   = {Rebecca A. Fischer and Andrew J. Campbell and Gregory A. Shofner and Oliver T. Lord and Przemyslaw Dera and Vitali B. Prakapenka},
  journal                  = {Earth and Planetary Science Letters},
  year                     = {2011},
  pages                    = {496--502},
  volume                   = {304},
  doi                      = {10.1016/j.epsl.2011.02.025},
}

@article{AHW13,
	author = {P. Ardia and M.M. Hirschmann and A.C. Withers and B.D. Stanley},
	doi = {10.1016/j.gca.2013.03.028},
	issn = {0016-7037},
	journal = {Geochimica et Cosmochimica Acta},
	pages = {52--71},
	title = {Solubility of {CH4} in a synthetic basaltic melt, with applications to atmosphere--magma ocean-core partitioning of volatiles and to the evolution of the {M}artian atmosphere},
	volume = {114},
	year = {2013},
}

@article{AHS15,
	author = {Lora S. Armstrong and Marc M. Hirschmann and Ben D. Stanley and Emily G. Falksen and Steven D. Jacobsen},
	date-added = {2024-01-15 10:29:59 +0100},
	date-modified = {2024-01-15 10:31:18 +0100},
	doi = {10.1016/j.gca.2015.07.007},
	journal = {Geochimica et Cosmochimica Acta},
	month = {December},
	pages = {283--302},
	title = {Speciation and solubility of reduced C-O-H-N volatiles in mafic melt: Implications for volcanism, atmospheric evolution, and deep volatile cycles in the terrestrial planets},
	volume = {171},
	year = {2015}}

@article{SHW14,
	author = {Ben D. Stanley and Marc M. Hirschmann and Anthony C. Withers},
	doi = {10.1016/j.gca.2013.12.013},
	journal = {Geochimica et Cosmochimica Acta},
	month = {March},
	pages = {54--76},
	title = {Solubility of C-O-H volatiles in graphite-saturated martian basalts},
	volume = {129},
	year = {2014}}

@article{YNN19,
	author = {Takahiro Yoshioka and Daisuke Nakashima and Tomoki Nakamura and Svyatoslav Shcheka and Hans Keppler},
	doi = {10.1016/j.gca.2019.06.007},
	issn = {0016-7037},
	journal = {Geochim. Cosmochim. Acta},
	pages = {129--143},
	title = {Carbon solubility in silicate melts in equilibrium with a {CO}-{CO$_2$} gas phase and graphite},
	volume = {259},
	year = {2019}}

@article{GSM03,
	author = {Fabrice Gaillard and Burkhard Schmidt and Steven Mackwell and Catherine McCammon},
	doi = {10.1016/S0016-7037(02)01407-2},
	issn = {0016-7037},
	journal = {Geochimica et Cosmochimica Acta},
	number = {13},
	pages = {2427--2441},
	title = {Rate of hydrogen--iron redox exchange in silicate melts and glasses},
	volume = {67},
	year = {2003}}

@article{STB23,
	author = {Paolo A. Sossi and Peter M. E. Tollan and James Badro and Dan J. Bower},
	doi = {10.1016/j.epsl.2022.117894},
	issn = {0012-821X},
	journal = {Earth Planet. Sci. Lett.},
	pages = {117894},
	title = {Solubility of water in peridotite liquids and the prevalence of steam atmospheres on rocky planets},
	volume = {601},
	year = {2023}}

@article{TW21,
	author = {Richard W. Thomas and Bernard J. Wood},
	date-added = {2024-01-15 11:28:17 +0100},
	date-modified = {2024-01-15 11:29:21 +0100},
	doi = {10.1016/j.gca.2020.11.018},
	journal = {Geochimica et Cosmochimica Acta},
	month = {February},
	pages = {28-42},
	title = {The chemical behaviour of chlorine in silicate melts},
	volume = {294},
	year = {2021}}


@article{JWB86,
	author = {Albert Jambon and Hartwig Weber and Otto Braun},
	doi = {10.1016/0016-7037(86)90193-6},
	journal = {Geochimica et Cosmochimica Acta},
	number = {3},
	pages = {401-408},
	title = {Solubility of He, Ne, Ar, Kr, and Xe in a basalt melt in the range 1250-1600 C. Geochemical implications},
	volume = {50},
	year = {1986}}


@article{NCH16,
	author = {Olivier Namur and Bernard Charlier and Francois Holtz and Camille Cartier and Catherine McCammon},
	doi = {10.1016/j.epsl.2016.05.024},
	journal = {Earth and Planetary Science Letters},
	month = {August},
	pages = {102--114},
	title = {Sulfur solubility in reduced mafic silicate melts: Implications for the speciation and distribution of sulfur on Mercury},
	volume = {448},
	year = {2016}}

@Article{LKK16,
  author  = {Leal, Allan M.~M. and Kulik, Dmitrii A. and Kosakowski, Georg and Saar, Martin O.},
  journal = {Advances in Water Resources},
  title   = {Computational methods for reactive transport modeling: An extended law of mass-action, x{LMA}, method for multiphase equilibrium calculations},
  year    = {2016},
  month   = oct,
  pages   = {405--422},
  volume  = {96},
  doi     = {10.1016/j.advwatres.2016.08.008},
}

@Article{LKS17,
  author      = {Allan M. M. Leal and Dmitrii A. Kulik and William R. Smith and Martin O. Saar},
  journal     = {Pure and Applied Chemistry},
  title       = {An overview of computational methods for chemical equilibrium and kinetic calculations for geochemical and reactive transport modeling},
  year        = {2017},
  number      = {5},
  pages       = {597--643},
  volume      = {89},
  doi         = {10.1515/pac-2016-1107},
}

@Article{KSP24,
  author        = {Daniel Kitzmann and Joachim W. Stock and A. Beate C. Patzer},
  journal       = {Monthly Notices of the Royal Astronomical Society},
  title         = {{FASTCHEM COND}: equilibrium chemistry with condensation and rainout for cool planetary and stellar environments},
  year          = {2024},
  pages         = {7263--7283},
  volume        = {527},
  archiveprefix = {arXiv},
  doi           = {10.1093/mnras/stad3515},
  eprint        = {2309.02337},
  primaryclass  = {astro-ph.EP},
}

@Article{KFS19,
  author        = {Kite, Edwin S. and Fegley, Bruce, Jr. and Schaefer, Laura and Ford, Eric B.},
  journal       = {Astrophysical Journal Letters},
  title         = {Superabundance of Exoplanet Sub-Neptunes Explained by Fugacity Crisis},
  year          = {2019},
  month         = {Dec},
  number        = {2},
  pages         = {L33},
  volume        = {887},
  archiveprefix = {arXiv},
  doi           = {10.3847/2041-8213/ab59d9},
  eid           = {L33},
  eprint        = {1912.02701},
  primaryclass  = {astro-ph.EP},
}

@article{H21,
  title = {Iron-w\"{u}stite revisited: A revised calibration accounting for variable stoichiometry and the effects of pressure},
  journal = {Geochimica et Cosmochimica Acta},
  volume = {313},
  pages = {74--84},
  year = {2021},
  issn = {0016-7037},
  doi = {10.1016/j.gca.2021.08.039},
  author = {M.M. Hirschmann}
}

@article{CD21,
  doi = {10.3847/1538-4357/abfc48},
  year = {2021},
  month = {aug},
  publisher = {The American Astronomical Society},
  volume = {917},
  number = {1},
  pages = {4},
  author = {Gilles Chabrier and Florian Debras},
  title = {A New Equation of State for Dense Hydrogen-Helium Mixtures. {II}. Taking into Account Hydrogen-Helium Interactions},
  journal = {The Astrophysical Journal},
}

@article{WPG12,
	author = {Wetzel, Steffen and Pucci, Annemarie and Gail, Hans-Peter},
	doi = {10.1021/je300199a},
	journal = {Journal of Chemical \& Engineering Data},
	month = {5},
	number = {5},
	pages = {1594--1601},
	title = {Vapor Pressure and Evaporation Coefficient Measurements at Elevated Temperatures with a Knudsen Cell and a Quartz Crystal Microbalance: New Data for {S}i{O}},
	volume = {57},
	year = {2012},
}

@Article{Hakim2025,
  author        = {Kaustubh Hakim and Dan J. Bower and Fabian Seidler and Paolo A. Sossi},
  journal       = {arXiv e-prints},
  title         = {Silane--methane competition in Sub-{N}eptune atmospheres as a diagnostic of metallicity and magma oceans},
  year          = {2025},
  archiveprefix = {arXiv},
  primaryclass  = {astro-ph.EP},
  eprint = {2508.19235},
  note = {Submitted}
}

@TechReport{MZG02,
  author      = {Bonnie J. McBride and Michael J. Zehe and Sanford Gordon},
  institution = {NASA},
  title       = {{NASA} Glenn Coefficients for Calculating Thermodynamic Properties of Individual Species},
  year        = {2002},
  number      = {2002-211556},
  type        = {techreport},
  url         = {https://ntrs.nasa.gov/citations/20020085330}
}

@book{ADM77,
  title = {International Thermodynamic Tables of the Fluid State Helium-4},
  author = {Angus, S. and de Reuck, K. M. and McCarty, R. D.},
  isbn = {9780080209579},
  series = {IUPAC},
  url = {https://books.google.ch/books?id=9tGclC3ZRX0C},
  year = {1977},
  edition = {1st},
  publisher = {Pergamon Press}
}

@inbook{KJS86,
	author = {R. Katti and R. T. Jacobsen and R. B. Stewart and M. Jahangiri},
	chapter = {Thermodynamic Properties of Neon for Temperatures from the Triple Point to 700 K at Pressures to 700 MPa},
	editor = {Fast, R. W.},
	publisher = {Springer},
	title = {Advances in Cryogenic Engineering},
	volume = {31},
	year = {1986}}

@article{TB70,
	author = {Felix Theeuwes and Richard J. Bearman},
	journal = {The Journal of Chemical Thermodynamics},
	month = {March},
	number = {2},
	pages = {179--185},
	title = {The p, V, T behavior of dense fluids {III}. The vapor pressure and orthobaric density of krypton},
	volume = {2},
	year = {1970}}

@article{SK94,
	author = {O. {\v S}ifner and J. Klomfar},
	journal = {Journal of Physical and Chemical Reference Data},
	month = {January},
	pages = {63--152},
	title = {Thermodynamic Properties of Xenon from the Triple Point to 800 K with Pressures up to 350 MPa},
	volume = {23},
	year = {1994}}

@article{C16,
  author = {{Connolly}, James A. D.},
  title = {Liquid-vapor phase relations in the Si-O system: A calorically constrained van der Waals-type model},
  journal = {Journal of Geophysical Research (Planets)},
  keywords = {silica, equation of state, giant impact, critical point, boiling curve, silicon-oxygen vaporous},
  year = {2016},
  month = {September},
  volume = {121},
  number = {9},
  pages = {1641-1666},
  doi = {10.1002/2016JE005059}}

@article{WLL18,
  author = {{Wang}, Yi-Gao and {Liu}, Fu-Sheng and {Liu}, Qi-Jun},
  title = {Resistivity behavior of hydrogen and liquid silane at high shock compression},
  journal = {Physica B Condensed Matter},
  keywords = {Shock wave, Electrical resistivity, Hydrogen, Silane, High temperature, High pressure},
  year = {2018},
  month = {July},
  volume = {541},
  pages = {89-94},
  doi = {10.1016/j.physb.2018.04.044}}

@article{RK49,
  author  = {Redlich, Otto and Kwong, Joseph N. S.},
  title   = {On the Thermodynamics of Solutions. V. An Equation of State. Fugacities of Gaseous Solutions},
  journal = {Chemical Reviews},
  year    = {1949},
  volume  = {44},
  number  = {1},
  pages   = {233-244},
  doi     = {10.1021/cr60137a013}}