@article{haynes2018dopamine,
  title={The dopamine-driven social media feedback loop},
  author={Haynes, Trevor},
  journal={Harvard Medical School Blog},
  year={2018}
}

@article{kounios2014cognitive,
  title={The cognitive neuroscience of insight},
  author={Kounios, John and Beeman, Mark},
  journal={Annual Review of Psychology},
  volume={65},
  pages={71--93},
  year={2014},
  publisher={Annual Reviews}
}

@article{jung2004neural,
  title={Neural activity when people solve verbal problems with insight},
  author={Jung-Beeman, Mark and Bowden, Edward M and Haberman, Jason and Frymiare, Jennifer L and Arambel-Liu, Stella and Greenblatt, Richard and Reber, Paul J and Kounios, John},
  journal={PLoS Biology},
  volume={2},
  number={4},
  pages={e97},
  year={2004},
  publisher={Public Library of Science}
}

@article{beeman2003aha,
  title={Aha! Insight experience correlates with solution activation in the right hemisphere},
  author={Bowden, Edward M and Jung-Beeman, Mark},
  journal={Psychonomic Bulletin \& Review},
  volume={10},
  number={3},
  pages={730--737},
  year={2003},
  publisher={Springer}
}

@article{carhart2010default,
  title={The default-mode, ego-functions and free-energy: a neurobiological account of Freudian ideas},
  author={Carhart-Harris, Robin L and Friston, Karl J},
  journal={Brain},
  volume={133},
  number={4},
  pages={1265--1283},
  year={2010},
  publisher={Oxford University Press}
}

@article{beaty2016creative,
  title={Creative cognition and brain network dynamics},
  author={Beaty, Roger E and Benedek, Mathias and Silvia, Paul J and Schacter, Daniel L},
  journal={Trends in Cognitive Sciences},
  volume={20},
  number={2},
  pages={87--95},
  year={2016},
  publisher={Elsevier}
}

@article{hasselmo2006acetylcholine,
  title={The role of acetylcholine in learning and memory},
  author={Hasselmo, Michael E},
  journal={Current Opinion in Neurobiology},
  volume={16},
  number={6},
  pages={710--715},
  year={2006},
  publisher={Elsevier}
}

@article{thiele2018neuromodulation,
  title={Neuromodulation of attention},
  author={Thiele, Alexander and Bellgrove, Mark A},
  journal={Neuron},
  volume={97},
  number={4},
  pages={769--785},
  year={2018},
  publisher={Elsevier}
}

@article{alexander2011medial,
  title={Medial prefrontal cortex as an action-outcome predictor},
  author={Alexander, William H and Brown, Joshua W},
  journal={Nature Neuroscience},
  volume={14},
  number={10},
  pages={1338--1344},
  year={2011},
  publisher={Nature Publishing Group}
}

@article{bartz2011social,
  title={Social effects of oxytocin in humans: Context and person matter},
  author={Bartz, Jennifer A and Zaki, Jamil and Bolger, Niall and Ochsner, Kevin N},
  journal={Trends in Cognitive Sciences},
  volume={15},
  number={7},
  pages={301--309},
  year={2011},
  publisher={Elsevier}
}

@article{beversdorf2019neuropsychopharmacological,
  title={Neuropsychopharmacological regulation of performance on creativity-related tasks},
  author={Beversdorf, David Q},
  journal={Current Opinion in Behavioral Sciences},
  volume={27},
  pages={55--63},
  year={2019},
  publisher={Elsevier}
}

@article{bowden2003aha,
  title={Aha! Insight experience correlates with solution activation in the right hemisphere},
  author={Bowden, Edward M and Jung-Beeman, Mark},
  journal={Psychonomic Bulletin \& Review},
  volume={10},
  number={3},
  pages={730--737},
  year={2003},
  publisher={Springer}
}

@article{carter2014oxytocin,
  title={Oxytocin pathways and the evolution of human behavior},
  author={Carter, C Sue},
  journal={Annual Review of Psychology},
  volume={65},
  pages={17--39},
  year={2014},
  publisher={Annual Reviews}
}

@article{dunbar2012social,
  title={Social laughter is correlated with an elevated pain threshold},
  author={Dunbar, Robin IM and Baron, Rebecca and Frangou, Anna and Pearce, Eiluned and van Leeuwen, Edwin JC and Stow, Julie and Partridge, Giselle and MacDonald, Ian and Barra, Vincent and van Vugt, Mark},
  journal={Proceedings of the Royal Society B},
  volume={279},
  number={1731},
  pages={1161--1167},
  year={2012},
  publisher={The Royal Society}
}

@incollection{haidt2009moral,
  title={Moral amplification and the emotions that attach us to saints and demons},
  author={Haidt, Jonathan and Algoe, Sara},
  booktitle={Handbook of Experimental Existential Psychology},
  pages={322--335},
  year={2009},
  publisher={Guilford Press},
  editor={Greenberg, Jeff and Koole, Sander L and Pyszczynski, Tom},
  address={New York}
}

@article{hasselmo2006role,
  title={The role of acetylcholine in learning and memory},
  author={Hasselmo, Michael E},
  journal={Current Opinion in Neurobiology},
  volume={16},
  number={6},
  pages={710--715},
  year={2006},
  publisher={Elsevier}
}

@article{manninen2017social,
  title={Social laughter triggers endogenous opioid release in humans},
  author={Manninen, Sandra and Tuominen, Lauri and Dunbar, Robin I and Karjalainen, Tomi and Hirvonen, Jussi and Arponen, Eveliina and Hari, Riitta and J{\"a}{\"a}skel{\"a}inen, Iiro P and Sams, Mikko and Nummenmaa, Lauri},
  journal={Journal of Neuroscience},
  volume={37},
  number={25},
  pages={6125--6131},
  year={2017},
  publisher={Society for Neuroscience}
}

@article{mcgaughy2002behavioral,
  title={Behavioral vigilance following infusions of 192 IgG-saporin into the basal forebrain: Selectivity of the behavioral impairment and relation to cortical AChE-positive fiber density},
  author={McGaughy, Jill and Kaiser, Martin and Sarter, Martin},
  journal={Behavioral Neuroscience},
  volume={116},
  number={5},
  pages={801--812},
  year={2002},
  publisher={American Psychological Association}
}

@article{picciotto2012acetylcholine,
  title={Acetylcholine as a neuromodulator: Cholinergic signaling shapes nervous system function and behavior},
  author={Picciotto, Marina R and Higley, Michael J and Mineur, Yann S},
  journal={Neuron},
  volume={76},
  number={1},
  pages={116--129},
  year={2012},
  publisher={Elsevier}
}

@article{ruff2014neurobiology,
  title={The neurobiology of rewards and values in social decision making},
  author={Ruff, Christian C and Fehr, Ernst},
  journal={Nature Reviews Neuroscience},
  volume={15},
  number={8},
  pages={549--562},
  year={2014},
  publisher={Nature Publishing Group}
}

@article{schultz2016dopamine,
  title={Dopamine reward prediction error coding},
  author={Schultz, Wolfram},
  journal={Dialogues in Clinical Neuroscience},
  volume={18},
  number={1},
  pages={23--32},
  year={2016},
  publisher={Taylor \& Francis}
}

@article{silvers2008moral,
  title={Moral elevation can induce nursing},
  author={Silvers, Jonathan A and Haidt, Jonathan},
  journal={Emotion},
  volume={8},
  number={2},
  pages={291--295},
  year={2008},
  publisher={American Psychological Association}
}

@article{stellar2015affective,
  title={Affective and physiological responses to the suffering of others: Compassion and vagal activity},
  author={Stellar, Jennifer E and Cohen, Adam and Oveis, Carey and Keltner, Dacher},
  journal={Journal of Personality and Social Psychology},
  volume={108},
  number={4},
  pages={572--585},
  year={2015},
  publisher={American Psychological Association}
}

@article{yim2016therapeutic,
  title={Therapeutic benefits of laughter in mental health: A theoretical review},
  author={Yim, Jongeun},
  journal={Tohoku Journal of Experimental Medicine},
  volume={239},
  number={3},
  pages={243--249},
  year={2016},
  publisher={Tohoku University Medical Press}
}