@InProceedings{Margolis2024coopt,
  author    = {Benjamin W. L. Margolis and David Woffinden},
  booktitle = {AIAA and AAS Astrodynamics Specialist Conference},
  title     = {Co-Optimization of Navigation System Requirements and Trajectory Design Using a Sweeping Gradient Method and Linear Covariance Analysis},
  year      = {2024},
  address   = {Broomfield, CO},
  month     = {August},
}

@InProceedings{Margolis2024techniques,
  author    = {Margolis, Benjamin WL and Woffinden, David},
  booktitle = {AAS/AIAA Astrodynamics Specialist Conference},
  title     = {Robust trajectory optimization techniques using a sweeping gradient method and linear covariance analysis},
  year      = {2024},
}

@InProceedings{Margolis2024gascon,
  author    = {Margolis, Benjamin and Lyons, Kenneth and Garcia, Joseph A. and Pham, Dahlia and Bowles, Jeffrey V. and Bridges, Nolan and Chang, Evan},
  booktitle = {AIAA AVIATION FORUM AND ASCEND 2024},
  title     = {General Aviation Synthesis Program Advancements With Symbolic Computations, Optimization, and Decoupled Numerical Methods},
  year      = {2024},
  month     = jul,
  publisher = {American Institute of Aeronautics and Astronautics},
  doi       = {10.2514/6.2024-3628},
}

@InProceedings{Listgarten2025,
  author    = {Listgarten, Noah S. and Pham, Dahlia and Natividad, Carlos Anthony D. and Margolis, Benjamin W. and Lyons, Kenneth R. and Garcia, Joseph A. and Bowles, Jeffrey V. and Russell, Catherine E.},
  booktitle = {AIAA SCITECH 2025 Forum},
  title     = {Parallel Hybrid Turboprop Performance Modeling and Optimization},
  year      = {2025},
  month     = jan,
  publisher = {American Institute of Aeronautics and Astronautics},
  doi       = {10.2514/6.2025-1435},
}

@TechReport{Koehler2024,
  author = {Koehler, Heather M and Hawkins, Matthew J and Neuhaus, Jason R and Couch, Jesse and Bossinger, Robert L and Brazukas, Kyler and Fiebelkorn, Trey and Crues, Edwin Z and Margolis, Benjamin W and Hasseler, Tristan D and others},
  title  = {Expansion of Check-Cases for 6DOF Simulation},
  year   = {2024},
  school = {National Aeronautics and Space Administration},
}

@InProceedings{Park2025,
  author    = {Park, Jimin and Listgarten, Noah and Buescher, Halle and Pham, Dahlia D},
  booktitle = {IEEE Transportation Electrification Conference \& Expo+ Electric Aircraft Technologies Symposium},
  title     = {Framework for Technical Performance Uncertainty in Hybrid-Electric Aircraft Development},
  year      = {2025},
  doi       = {10.1109/ITEC63604.2025.11097944},
}

@InProceedings{Pham2025,
  author    = {Pham, Dahlia D and Naik, Akshay M and Recine, Carl and Joseph, James and Listgarten, Noah S and Natividad, Carlos Anthony and Park, Jimin and Wishart, Jacob},
  booktitle = {2025 IEEE Transportation Electrification Conference \& Expo+ Electric Aircraft Technologies Symposium},
  title     = {Performance Scaling of Multi-Class Parallel Hybrid-Electric Regional Turboprop Airliner Concepts},
  year      = {2025},
  doi       = {10.1109/ITEC63604.2025.11097987},
}

@InProceedings{zelinski2025ttbw,
  author    = {Zlinski, Shannon and Recine, Carl J and Natividad, Carlos A and Pham, Dahlia DV and Margolis, Benjamin WL and Listgarden, Noah S and Phillips, James},
  booktitle = {AIAA AVIATION FORUM AND EXPOSITION},
  title     = {Assessing National Airspace System Impact of the Transonic Truss-Braced Wing Aircraft},
  year      = {2025},
  month     = jul,
  publisher = {American Institute of Aeronautics and Astronautics},
  doi       = {10.2514/6.2025-3101}
}

@InProceedings{Margolis2026gascon,
  current_author    = {Margolis, Benjamin WL and Lyons, Kenneth R and Natividad, Carlos A and Listgarten, Noah S},
  author = {Margolis, Benjamin W. L. and others},
  booktitle = {AIAA SciTech Forum},
  title     = {A Component-Assembly Architecture for Conceptual Aircraft Design},
  year      = {2026},
}

@InProceedings{Margolis2026npss,
  current_author    = {Margolis, Benjamin WL and Lyons, Kenneth R and Garcia, Joseph A and Felder, James L and Jones, Scott M and Lavelle, Thomas M and Wang, Xiao-yen J},
  author = {Margolis, Benjamin W. L. and others},
  booktitle = {AIAA SciTech Forum},
  title     = {Useful Derivatives for Numerical Propulsion System Simulation Models},
  year      = {2026},
}

@InProceedings{Margolis2026sigma,
  current_author    = {Margolis, Benjamin WL and Lyons, Kenneth R and York, Collin E and Woffinden, David and Bhatt, Sagar and Steffes, Stephen R},
  author = {Margolis, Benjamin W. L. and others},
  booktitle = {AIAA SciTech Forum},
  title     = {A Systems Approach to Modeling Uncertain ODE Systems},
  year      = {2026},
}

@InProceedings{Margolis2026bwb,
  current_author    = {Margolis, Benjamin WL and Joseph, James and Kinney, David J},
  author = {Margolis, Benjamin W. L. and others},
  booktitle = {AIAA SciTech Forum},
  title     = {Outer Mold LineDesign ofa Blended-Wing-Body using Gradient-Based Optimization of a Vortex-Lattice Model},
  year      = {2026},
}

@InProceedings{Pham2026hetcof,
  author    = {Pham, Dahlia DV and Natividad, Carlos Anthony D and Margolis, Benjamin WL and Listgarten, Noah S and Jansen, Ralph H},
  booktitle = {AIAA SciTech Forum},
  title     = {Parametric Modeling and Mission Optimization for the Hybrid Electric Turboprop Commercial Freighter (HETCOF) Concept},
  year      = {2026},
}


@Article{Margolis2023sweeping,
  author    = {Margolis, Benjamin W. L.},
  journal   = {Journal of Optimization Theory and Applications},
  title     = {A Sweeping Gradient Method for Ordinary Differential Equations with Events},
  year      = {2023},
  issn      = {1573-2878},
  month     = oct,
  number    = {2},
  pages     = {600--638},
  volume    = {199},
  doi       = {10.1007/s10957-023-02303-3},
  publisher = {Springer Science and Business Media LLC},
}

@Software{Bradbury2018,
  author  = {James Bradbury and Roy Frostig and Peter Hawkins and Matthew James Johnson and Chris Leary and Dougal Maclaurin and Skye Wanderman-Milne},
  title   = {{JAX}: composable transformations of {P}ython+{N}um{P}y programs},
  url     = {http://github.com/google/jax},
  version = {0.1.46},
  year    = {2018},
}

@Article{Waechter2005,
  author    = {Andreas WÃ¤chter and Lorenz T. Biegler},
  journal   = {Mathematical Programming},
  title     = {On the Implementation of an Interior-Point Filter Line-Search Algorithm for Large-Scale Nonlinear Programming},
  year      = {2005},
  month     = {apr},
  number    = {1},
  volume    = {106},
  doi       = {10.1007/s10107-004-0559-y},
  publisher = {Springer Science and Business Media {LLC}},
}

@Software{simulink,
  author = {{The MathWorks, Inc.}},
  title  = {Simulink - Simulation and model-based design},
  url    = {https://www.mathworks.com/products/simulink.html},
}

@Article{Margolis2017simupy,
  author  = {Margolis, Benjamin WL},
  journal = {J. Open Source Software},
  title   = {{SimuPy}: A {Python} framework for modeling and simulating dynamical systems},
  year    = {2017},
  number  = {17},
  pages   = {396},
  volume  = {2},
  doi     = {10.21105/joss.00396},
}

@Software{modelcenter,
  author = {{Phoenix Integration}},
  title  = {ModelCenter},
  url    = {https://www.ansys.com/products/connect/ansys-modelcenter?intcid=phoenixintreferral},
}

@TechReport{Curlett1995,
  author = {Curlett, Brian P and Felder, James L},
  title  = {Object-oriented approach for gas turbine engine simulation},
  year   = {1995},
  number = {106970},
  type   = {techreport},
  school = {NASA},
}

@InProceedings{Fritzson2002,
  author    = {Fritzson, P. and Bunus, P.},
  booktitle = {Proceedings 35th Annual Simulation Symposium. SS 2002},
  title     = {Modelica - a general object-oriented language for continuous and discrete-event system modeling and simulation},
  year      = {2002},
  pages     = {365-380},
  doi       = {10.1109/SIMSYM.2002.1000174},
  keywords  = {Object oriented modeling;Discrete event systems;Electrical capacitance tomography;Equations;Biological system modeling;Mathematical model;Computer simulation;Thermodynamics;Application software;Computational modeling},
}

@Software{Willard2023,
  abstract     = {Aesara is a Python library for defining, optimizing, and efficiently evaluating mathematical expressions involving multi-dimensional arrays.},
  address      = {{GitHub}},
  author       = {Willard, Brandon T. and Louf, R{\'e}mi and Chaudhari, Kaustubh and Mares, Ben and Lunagariya, Smit and {Foreman-Mackey}, Dan and Gerlanc, Daniel},
  howpublished = {Aesara Developers},
  keywords     = {aesara,automatic-differentiation,symbolic-computation,tensors,theano,transpiler},
  shorttitle   = {Aesara},
  title        = {Aesara},
  url          = {https://github.com/aesara-devs/aesara},
  urldate      = {2023-07-11},
  year         = {2023},
}

@Article{Paszke2017,
  author = {Paszke, Adam and Gross, Sam and Chintala, Soumith and Chanan, Gregory and Yang, Edward and DeVito, Zachary and Lin, Zeming and Desmaison, Alban and Antiga, Luca and Lerer, Adam},
  title  = {Automatic differentiation in PyTorch},
  year   = {2017},
}

@Misc{MartinAbadi2015,
  author = {Mart\'{i}n~Abadi and Ashish~Agarwal and Paul~Barham and Eugene~Brevdo and Zhifeng~Chen and Craig~Citro and Greg~S.~Corrado and Andy~Davis and Jeffrey~Dean and Matthieu~Devin and Sanjay~Ghemawat and Ian~Goodfellow and Andrew~Harp and Geoffrey~Irving and Michael~Isard and Yangqing Jia and Rafal~Jozefowicz and Lukasz~Kaiser and Manjunath~Kudlur and Josh~Levenberg and Dandelion~Man\'{e} and Rajat~Monga and Sherry~Moore and Derek~Murray and Chris~Olah and Mike~Schuster and Jonathon~Shlens and Benoit~Steiner and Ilya~Sutskever and Kunal~Talwar and Paul~Tucker and Vincent~Vanhoucke and Vijay~Vasudevan and Fernanda~Vi\'{e}gas and Oriol~Vinyals and Pete~Warden and Martin~Wattenberg and Martin~Wicke and Yuan~Yu and Xiaoqiang~Zheng},
  note   = {Software available from tensorflow.org},
  title  = {{TensorFlow}: Large-Scale Machine Learning on Heterogeneous Systems},
  year   = {2015},
  url    = {https://www.tensorflow.org/},
}

@Article{Hindmarsh2005,
  author    = {Hindmarsh, Alan C and Brown, Peter N and Grant, Keith E and Lee, Steven L and Serban, Radu and Shumaker, Dan E and Woodward, Carol S},
  journal   = {ACM Transactions on Mathematical Software (TOMS)},
  title     = {{SUNDIALS}: Suite of nonlinear and differential/algebraic equation solvers},
  year      = {2005},
  number    = {3},
  pages     = {363--396},
  volume    = {31},
  doi       = {10.1145/1089014.1089020},
  publisher = {ACM},
}

@Article{Kraft1994,
  author    = {Kraft, Dieter},
  journal   = {ACM Transactions on Mathematical Software},
  title     = {Algorithm 733: TOMPâFortran modules for optimal control calculations},
  year      = {1994},
  issn      = {1557-7295},
  month     = sep,
  number    = {3},
  pages     = {262--281},
  volume    = {20},
  doi       = {10.1145/192115.192124},
  publisher = {Association for Computing Machinery (ACM)},
}

@Article{Virtanen2020,
  author    = {Virtanen, Pauli and Gommers, Ralf and Oliphant, Travis E. and Haberland, Matt and Reddy, Tyler and Cournapeau, David and Burovski, Evgeni and Peterson, Pearu and Weckesser, Warren and Bright, Jonathan and van der Walt, StÃ©fan J. and Brett, Matthew and Wilson, Joshua and Millman, K. Jarrod and Mayorov, Nikolay and Nelson, Andrew R. J. and Jones, Eric and Kern, Robert and Larson, Eric and Carey, C J and Polat, Ä°lhan and Feng, Yu and Moore, Eric W. and VanderPlas, Jake and Laxalde, Denis and Perktold, Josef and Cimrman, Robert and Henriksen, Ian and Quintero, E. A. and Harris, Charles R. and Archibald, Anne M. and Ribeiro, AntÃ´nio H. and Pedregosa, Fabian and van Mulbregt, Paul and Vijaykumar, Aditya and Bardelli, Alessandro Pietro and Rothberg, Alex and Hilboll, Andreas and Kloeckner, Andreas and Scopatz, Anthony and Lee, Antony and Rokem, Ariel and Woods, C. Nathan and Fulton, Chad and Masson, Charles and HÃ¤ggstrÃ¶m, Christian and Fitzgerald, Clark and Nicholson, David A. and Hagen, David R. and Pasechnik, Dmitrii V. and Olivetti, Emanuele and Martin, Eric and Wieser, Eric and Silva, Fabrice and Lenders, Felix and Wilhelm, Florian and Young, G. and Price, Gavin A. and Ingold, Gert-Ludwig and Allen, Gregory E. and Lee, Gregory R. and Audren, HervÃ© and Probst, Irvin and Dietrich, JÃ¶rg P. and Silterra, Jacob and Webber, James T and SlaviÄ, Janko and Nothman, Joel and Buchner, Johannes and Kulick, Johannes and SchÃ¶nberger, Johannes L. and de Miranda Cardoso, JosÃ© VinÃ­cius and Reimer, Joscha and Harrington, Joseph and RodrÃ­guez, Juan Luis Cano and Nunez-Iglesias, Juan and Kuczynski, Justin and Tritz, Kevin and Thoma, Martin and Newville, Matthew and KÃ¼mmerer, Matthias and Bolingbroke, Maximilian and Tartre, Michael and Pak, Mikhail and Smith, Nathaniel J. and Nowaczyk, Nikolai and Shebanov, Nikolay and Pavlyk, Oleksandr and Brodtkorb, Per A. and Lee, Perry and McGibbon, Robert T. and Feldbauer, Roman and Lewis, Sam and Tygier, Sam and Sievert, Scott and Vigna, Sebastiano and Peterson, Stefan and More, Surhud and Pudlik, Tadeusz and Oshima, Takuya and Pingel, Thomas J. and Robitaille, Thomas P. and Spura, Thomas and Jones, Thouis R. and Cera, Tim and Leslie, Tim and Zito, Tiziano and Krauss, Tom and Upadhyay, Utkarsh and Halchenko, Yaroslav O. and VÃ¡zquez-Baeza, Yoshiki},
  journal   = {Nature Methods},
  title     = {SciPy 1.0: fundamental algorithms for scientific computing in Python},
  year      = {2020},
  issn      = {1548-7105},
  month     = feb,
  number    = {3},
  pages     = {261--272},
  volume    = {17},
  doi       = {10.1038/s41592-019-0686-2},
  publisher = {Springer Science and Business Media LLC},
}

@Book{Hairer1993,
  author    = {Hairer, Ernst and Wanner, Gerhard and N{\o}rsett, Syvert P},
  publisher = {Springer},
  title     = {Solving ordinary differential equations I: Nonstiff problems},
  year      = {1993},
}

@InProceedings{Kinney2007,
  author    = {Kinney, David},
  booktitle = {45th AIAA Aerospace Sciences Meeting and Exhibit},
  title     = {Aerothermal Anchoring of CBAERO Using High Fidelity CFD},
  year      = {2007},
  month     = jan,
  publisher = {American Institute of Aeronautics and Astronautics},
  doi       = {10.2514/6.2007-608},
}

@Misc{Kinney2025,
  author = {David J. Kinney},
  title  = {Using VSPAero},
  year   = {2025},
  url    = {https://openvsp.org/wiki/doku.php?id=vspaerotutorial},
}

@Misc{Meurer2023,
  author    = {Meurer, Aaron},
  title     = {Python Array API Standard: Toward Array Interoperability in the Scientific Python Ecosystem},
  year      = {2023},
  doi       = {10.25080/gerudo-f2bc6f59-029},
  journal   = {Proceedings of the Python in Science Conference},
  publisher = {NumFOCUS - Insight Software Consortium (ITK)},
}

@Article{Hunter2007,
  author    = {Hunter, J. D.},
  journal   = {Computing in Science \& Engineering},
  title     = {Matplotlib: A 2D graphics environment},
  year      = {2007},
  number    = {3},
  pages     = {90--95},
  volume    = {9},
  abstract  = {Matplotlib is a 2D graphics package used for Python for
  application development, interactive scripting, and publication-quality
  image generation across user interfaces and operating systems.},
  doi       = {10.1109/MCSE.2007.55},
  publisher = {IEEE COMPUTER SOC},
}

@InProceedings{Moore2023,
  author     = {Moore, Ognyan and Jessurun, Nathan and Chase, Martin and Nemitz, Nils and Campagnola, Luke},
  booktitle  = {Proceedings of the 22nd Python in Science Conference},
  title      = {PyQtGraph - High Performance Visualization for All Platforms},
  year       = {2023},
  pages      = {106--113},
  publisher  = {SciPy},
  series     = {SciPy},
  collection = {SciPy},
  doi        = {10.25080/gerudo-f2bc6f59-00e},
  issn       = {2575-9752},
}

@article{Waskom2021,
    doi = {10.21105/joss.03021},
    url = {https://doi.org/10.21105/joss.03021},
    year = {2021},
    publisher = {The Open Journal},
    volume = {6},
    number = {60},
    pages = {3021},
    author = {Michael L. Waskom},
    title = {seaborn: statistical data visualization},
    journal = {Journal of Open Source Software}
 }

@Software{JDT2020,
  author = {{Joblib Development Team}},
  title  = {Joblib: running Python functions as pipeline jobs},
  url    = {https://joblib.readthedocs.io/},
  year   = {2020},
}

@Manual{DDT2016,
  title  = {Dask: Library for dynamic task scheduling},
  author = {{Dask Development Team}},
  year   = {2016},
  url    = {http://dask.pydata.org},
}

@Article{Harris2020,
  author    = {Charles R. Harris and K. Jarrod Millman and St{\'{e}}fan J. van der Walt and Ralf Gommers and Pauli Virtanen and David Cournapeau and Eric Wieser and Julian Taylor and Sebastian Berg and Nathaniel J. Smith and Robert Kern and Matti Picus and Stephan Hoyer and Marten H. van Kerkwijk and Matthew Brett and Allan Haldane and Jaime Fern{\'{a}}ndez del R{\'{i}}o and Mark Wiebe and Pearu Peterson and Pierre G{\'{e}}rard-Marchant and Kevin Sheppard and Tyler Reddy and Warren Weckesser and Hameer Abbasi and Christoph Gohlke and Travis E. Oliphant},
  journal   = {Nature},
  title     = {Array programming with {NumPy}},
  year      = {2020},
  month     = sep,
  number    = {7825},
  pages     = {357--362},
  volume    = {585},
  doi       = {10.1038/s41586-020-2649-2},
  publisher = {Springer Science and Business Media {LLC}},
  url       = {https://doi.org/10.1038/s41586-020-2649-2},
}

@Article{Andersson2018,
  author    = {Joel A E Andersson and Joris Gillis and Greg Horn and James B Rawlings and Moritz Diehl},
  journal   = {Mathematical Programming Computation},
  title     = {{CasADi} -- {A} software framework for nonlinear optimization and optimal control},
  year      = {2018},
  issn      = {1867-2957},
  month     = jul,
  number    = {1},
  pages     = {1--36},
  volume    = {11},
  doi       = {10.1007/s12532-018-0139-4},
  publisher = {Springer Science and Business Media LLC},
}

@Comment{jabref-meta: databaseType:bibtex;}
